<collection xmlns="http://www.loc.gov/MARC21/slim">
<record>
  <leader>01863nam0a22003371i 450 </leader>
  <controlfield tag="001">IT\ICCU\CNCE\071237</controlfield>
  <controlfield tag="005">20070622000000.0</controlfield>
  <datafield tag="012" ind1=" " ind2=" ">
    <subfield code="a">len- alie enhe lach (3) 1575 (A)</subfield>
    <subfield code="2">fei</subfield>
  </datafield>
  <datafield tag="100" ind1=" " ind2=" ">
    <subfield code="a">20070621d1575        0itac0103    ba</subfield>
  </datafield>
  <datafield tag="101" ind1=" " ind2=" ">
    <subfield code="a">ITA</subfield>
  </datafield>
  <datafield tag="102" ind1=" " ind2=" ">
    <subfield code="a">IT</subfield>
  </datafield>
  <datafield tag="200" ind1="1" ind2=" ">
    <subfield code="a">℗La ℗sfera di M. Giouanni di Sacrobosco tradotta da Pieruincentio Dante de Rinaldi, con le annotazioni del medesimo. Et con l&apos;aggiunta delle figure, &amp; d&apos;altre annotazioni</subfield>
  </datafield>
  <datafield tag="210" ind1=" " ind2=" ">
    <subfield code="a">In Perugia</subfield>
    <subfield code="c">nella stampa di Gio. Berardino Rastelli</subfield>
    <subfield code="c">per Baldo Saluiani</subfield>
    <subfield code="d">1575</subfield>
    <subfield code="e">In Perugia</subfield>
    <subfield code="g">Nella stamperia di Gio. Berardino Rastelli</subfield>
    <subfield code="h">1574</subfield>
  </datafield>
  <datafield tag="215" ind1=" " ind2=" ">
    <subfield code="a">61, \3! p.</subfield>
    <subfield code="c">ill.</subfield>
    <subfield code="d">4ʻ</subfield>
  </datafield>
  <datafield tag="620" ind1=" " ind2=" ">
    <subfield code="a">IT</subfield>
    <subfield code="d">Perugia</subfield>
  </datafield>
  <datafield tag="700" ind1=" " ind2="1">
    <subfield code="a">Sacrobosco,</subfield>
    <subfield code="b">Ioannes : de</subfield>
    <subfield code="3">IT\ICCU\CNCA\003084</subfield>
  </datafield>
  <datafield tag="712" ind1="0" ind2="0">
    <subfield code="a">Salviani, Baldo</subfield>
    <subfield code="3">IT\ICCU\CNCT\000412</subfield>
    <subfield code="4">650</subfield>
  </datafield>
  <datafield tag="712" ind1="0" ind2="0">
    <subfield code="a">Rastelli, Giovanni Bernardino</subfield>
    <subfield code="3">IT\ICCU\CNCT\000873</subfield>
    <subfield code="4">650</subfield>
  </datafield>
  <datafield tag="790" ind1=" " ind2="0">
    <subfield code="a">Ioannes</subfield>
    <subfield code="c"> : de#Sacro Busto</subfield>
    <subfield code="3">IT\ICCU\CNCA\006663</subfield>
    <subfield code="z">Sacrobosco, Ioannes : de</subfield>
  </datafield>
  <datafield tag="790" ind1=" " ind2="1">
    <subfield code="a">Holywood,</subfield>
    <subfield code="b">John</subfield>
    <subfield code="3">IT\ICCU\CNCA\008481</subfield>
    <subfield code="z">Sacrobosco, Ioannes : de</subfield>
  </datafield>
  <datafield tag="790" ind1=" " ind2="0">
    <subfield code="a">Ioannes</subfield>
    <subfield code="c"> : de#Sacro Bosco</subfield>
    <subfield code="3">IT\ICCU\CNCA\008770</subfield>
    <subfield code="z">Sacrobosco, Ioannes : de</subfield>
  </datafield>
  <datafield tag="790" ind1=" " ind2="1">
    <subfield code="a">Sacrobosco,</subfield>
    <subfield code="b">Giovanni : di</subfield>
    <subfield code="3">IT\ICCU\CNCA\014719</subfield>
    <subfield code="z">Sacrobosco, Ioannes : de</subfield>
  </datafield>
  <datafield tag="790" ind1=" " ind2="0">
    <subfield code="a">Ioannes</subfield>
    <subfield code="c"> : de#Sacro Busco</subfield>
    <subfield code="3">IT\ICCU\CNCA\023932</subfield>
    <subfield code="z">Sacrobosco, Ioannes : de</subfield>
  </datafield>
  <datafield tag="790" ind1=" " ind2="1">
    <subfield code="a">Sacrobusto,</subfield>
    <subfield code="b">Giovanni</subfield>
    <subfield code="3">IT\ICCU\CNCA\023933</subfield>
    <subfield code="z">Sacrobosco, Ioannes : de</subfield>
  </datafield>
  <datafield tag="791" ind1="0" ind2="0">
    <subfield code="a">Salviani, Baldassarre</subfield>
    <subfield code="3">IT\ICCU\CNCT\002595</subfield>
    <subfield code="z">Salviani, Baldo</subfield>
  </datafield>
  <datafield tag="791" ind1="0" ind2="0">
    <subfield code="a">Salvianus, Baldus</subfield>
    <subfield code="3">IT\ICCU\CNCT\005542</subfield>
    <subfield code="z">Salviani, Baldo</subfield>
  </datafield>
  <datafield tag="791" ind1="0" ind2="0">
    <subfield code="a">Salvianus, Balthassar</subfield>
    <subfield code="3">IT\ICCU\CNCT\005543</subfield>
    <subfield code="z">Salviani, Baldo</subfield>
  </datafield>
  <datafield tag="791" ind1="0" ind2="0">
    <subfield code="a">Rastellius, Ioannes Bernardinus</subfield>
    <subfield code="3">IT\ICCU\CNCT\005307</subfield>
    <subfield code="z">Rastelli, Giovanni Bernardino</subfield>
  </datafield>
  <datafield tag="801" ind1=" " ind2="3">
    <subfield code="a">IT</subfield>
    <subfield code="b">ICCU</subfield>
    <subfield code="c">20201115</subfield>
  </datafield>
  <datafield tag="899" ind1=" " ind2=" ">
    <subfield code="a">Biblioteca comunale Augusta. Perugia</subfield>
    <subfield code="1">PG0109</subfield>
    <subfield code="2">UM1 01</subfield>
  </datafield>
  <datafield tag="899" ind1=" " ind2=" ">
    <subfield code="a">Biblioteca nazionale universitaria. Torino</subfield>
    <subfield code="1">TO0265</subfield>
    <subfield code="2">TO0 02</subfield>
  </datafield>
</record>
</collection>
